% Encoding: UTF-8
@misc{3dmark_tech,
	author = {Futuremark},
	title = {3DMark Technical Guide. Verkregen op 22 April, 2016 van \url{http://s3.amazonaws.com/download-aws.futuremark.com/3DMark_Technical_Guide.pdf}.},
	date = {2016-04-18},
	year= {2016},
	url = {http://s3.amazonaws.com/download-aws.futuremark.com/3DMark_Technical_Guide.pdf}
}

@misc{3dmark_cmd,
	author = {Futuremark},
	title = {3DMark Command Line Guide. Verkregen op 22 April, 2016 van \url{http://s3.amazonaws.com/download-aws.futuremark.com/3DMark-CommandLineGuide.pdf}.},
	urldate = {2014-10-13},
	year = {2014},
	url = {http://s3.amazonaws.com/download-aws.futuremark.com/3DMark-CommandLineGuide.pdf}
}

@misc{3dmark_light,
	author = {De Vries, Joey},
	title = {Learn OpenGL: Deferred Shading. Verkregen op 22 April, 2016 van \url{http://learnopengl.com/#!Advanced-Lighting/Deferred-Shading}.},
	urldate = {},
	year = {2015},
	url = {http://learnopengl.com/#!Advanced-Lighting/Deferred-Shading}
}

@misc{furmark,
	author = {oZone3D},
	title = {FurMark: GPU Stress Test and OpenGL Benchmark. Verkregen op 14 April, 2016 van \url{http://www.ozone3d.net/benchmarks/fur/}.},
	urldate = {},
	year = {2009},
	url = {http://www.ozone3d.net/benchmarks/fur/}
}

@Misc{PIBenchmarking,
  author = {V. Lynn Meek and Jeannet J. van der Lee},
  title  = {Performance Indicators for Assessing and Benchmarking Research Capacities in Universities.
   Verkregen op 6 April, 2016 van \url{http://dfcentre.com/wp-content/uploads/2014/05/Performance-indicators-for-research-capacity.pdf}.},
  year   = {2005},
  url    = {http://dfcentre.com/wp-content/uploads/2014/05/Performance-indicators-for-research-capacity.pdf},
}

@Misc{CPUGPU12,
  author = {Joseph Issa},
  title  = {Characterization and Performance Analysis for 3D Benchmarks. Verkregen op 6 April, 2016 van \url{https://pdfs.semanticscholar.org/f221/9fe1fd3fce6a98ea0a204d85de4448eaed20.pdf}.},
  year   = {2012},
  url    = {https://pdfs.semanticscholar.org/f221/9fe1fd3fce6a98ea0a204d85de4448eaed20.pdf},
}

@Misc{lowPower,
  author = {Iosif Antochi, Ben Juurlink, Stamatis Vassiliadis and Petri Liuha},
  title  = {3D Graphics Benchmarks for Low-Power Architectures. Verkregen op 6 April, 2016 van \url{http://citeseerx.ist.psu.edu/viewdoc/download?doi=10.1.1.9.5892&rep=rep1&type=pdf}.},
  year   = {2002},
  url    = {http://citeseerx.ist.psu.edu/viewdoc/download?doi=10.1.1.9.5892&rep=rep1&type=pdf},
}
