% Encoding: UTF-8

@Electronic{Pinsard2016,
  author =    {Pinsard, Brian},
  month =     apr,
  year =      {2016},
  title =     {Case study: Multiplayer game development met Google Play Services in Unity3D voor het Android platform},
  url =       {https://goo.gl/mKwvWY},
  timestamp = {2016-04-16},
  note = 	  {Verkregen op 16/04/2016 van \url{https://goo.gl/mKwvWY}}
}

@Electronic{Willems2016,
	author =    {Willems, Dieter},
	month =     apr,
	year =      {2016},
	title =     {Auto remote controleren met uw mobile device},
	url =       {https://goo.gl/d3RmHy},
	timestamp = {2016-04-17},
	note = 	    {Verkregen op 17/04/2016 van \url{https://goo.gl/d3RmHy}}
}

@Electronic{DeCroock2016,
	author =    {De Croock, Jovi},
	month =     apr,
	year =      {2016},
	title =     {Java vs Android Performance Analysis},
	url =       {https://goo.gl/Sahj2m},
	timestamp = {2016-04-18},
	note = 	    {Verkregen op 18/04/2016 van \url{https://goo.gl/Sahj2m}}
}

@Electronic{VanSevenant2016,
	author =    {Van Sevenant, Thomas},
	month =     apr,
	year =      {2016},
	title =     {Presentatie titel hier},
	url =       {link hier},
	timestamp = {tijd hier},
	note = 	    {Verkregen op X van Y}
}