% Encoding: UTF-8

@Book{GodfreyOnurDavid2014,
  title =     {Android Best Practices},
  publisher = {Apress},
  year =      {2014},
  author =    {Godfrey, Nolan and Onur, Cinar and David, Truxall},
  editor =    {Apress},
  doi =       {10.1007/978-1-4302-5858-2},
  keywords =  {Android, best practices, patterns, performance, testing.},
  url =       {http://link.springer.com/book/10.1007/978-1-4302-5858-2}
}

@Book{Jackson2015,
  title =     {Android Studio New Media Fundamentals: Content Production of Digital Audio/Video, Illustration and 3D Animation},
  publisher = {Apress},
  year =      {2015},
  author =    {Wallace Jackson},
  editor =    {Wallace Jackson},
  comment =   {Diepgaande uitleg voor allerlei soorten mediatypes die gebruikt kunnen worden op het android platform.},
  doi =       {10.1007/978-1-4842-9867-1},
  keywords =  {Android, media types, audio, video, 3d.},
  timestamp = {2016-02-17},
  url =       {http://link.springer.com/book/10.1007/978-1-4842-9867-1}
}

@InBook{Maggiorini2011,
  chapter =   {Cloud Computing to Support the Evolution of Massive Multiplayer Online Games},
  pages =     {101--110},
  title =     {ENTERprise Information Systems: International Conference, CENTERIS 2011, Vilamoura, Portugal, October 5-7, 2011, Proceedings, Part II},
  publisher = {Springer Berlin Heidelberg},
  year =      {2011},
  author =    {Maggiorini, Dario and Ripamonti, Laura Anna},
  editor =    {Cruz-Cunha, Maria Manuela and Varaj{\~a}o, Jo{\~a}o and Powell, Philip and Martinho, Ricardo},
  volume =    {220},
  address =   {Berlin, Heidelberg},
  abstract =  {In these recent years, with the gain in popularity of online games, we
are witnessing a progressive increment in the number of massive multiplayer
online games available over the Internet. Given the scalability requirements
imposed by a huge population of users over an extended length of time, game
providers face the major challenge of long-term IT infrastructures
dimensioning. In particular, the risks are over-allocation (wasting resource and
money) or non-timely upgrades (loosing subscribers and revenues.) In this
paper we advocate Cloud Computing as a viable solution to dynamically
allocate resource for a massive game service infrastructure in order to satisfy
users' needs while minimizing maintenance costs. To this extent we envision a
mid-term future where game provisioning will be performed by means of a
three-tier architecture: the users, the game provider, and the cloud provider. We
believe that many medium/small game providers may benefit from the ondemand
resources allocation infrastructure offered by the cloud, due to shorter
deployment time and reduced total cost of ownership.},
  comment =   {Het nut van cloud computing gerelateerd met multiplayer games},
  doi =       {10.1007/978-3-642-24355-4_11},
  isbn =      {978-3-642-24355-4},
  keywords =  {Cloud computing, Massive Multiplayer Online Games, Scalability.},
  timestamp = {2016-02-24},
  url =       {http://dx.doi.org/10.1007/978-3-642-24355-4_11}
}

@Book{Robert2014,
  title =     {Beginning Android 3D Game Development},
  publisher = {Apress},
  year =      {2014},
  author =    {Robert, Chin},
  editor =    {Robert, Chin},
  abstract =  {This book is meant to be a quick-start guide to developing 3D games for the Android platform using
Java and OpenGL ES 2.0. Development will utilize the Eclipse Integrated Development Environment
(IDE) with Android Development Tools (ADT) plug-ins installed. The goal is to cover key concepts and
illustrate them, using concrete hands-on examples and case studies. A single book cannot cover
every aspect of Android game development or Android software development in general. Thus, this
book is not meant as a reference guide. The following is a summary of each chapter in this book.},
  comment =   {Gebruikt eclipse i.p.v android studio of een game engine dus niet volledig relevant.},
  doi =       {10.1007/978-1-4302-6548-1},
  keywords =  {Android, Game development.}
}

@InBook{Sénica2011,
  chapter =   {Cloud Computing: A Platform of Services for Services},
  pages =     {91--100},
  title =     {ENTERprise Information Systems: International Conference, CENTERIS 2011, Vilamoura, Portugal, October 5-7, 2011, Proceedings, Part II},
  publisher = {Springer Berlin Heidelberg},
  year =      {2011},
  author =    {S{\'e}nica, Nuno and Teixeira, Cl{\'a}udio and Pinto, Joaquim Sousa},
  editor =    {Cruz-Cunha, Maria Manuela and Varaj{\~a}o, Jo{\~a}o and Powell, Philip and Martinho, Ricardo},
  volume =    {220},
  address =   {Berlin, Heidelberg},
  abstract =  {This article describes the state of the art of cloud computing,
focusing on its features and on the variety of services and applications
that can be placed inside a cloud system, such as databases, processing,
cloud gaming, storage and backup, etc.. This article also assesses and
highlights the advantages and disadvantages of using cloud computing
by companies and provides an overview of cloud computing trends and
solutions currently available.},
  comment =   {State of the art van cloud computing},
  doi =       {10.1007/978-3-642-24355-4_10},
  isbn =      {978-3-642-24355-4},
  keywords =  {Cloud Computing, IaaS, PaaS, DaaS, SaaS.},
  timestamp = {2016-02-24},
  url =       {http://dx.doi.org/10.1007/978-3-642-24355-4_10}
}

@MastersThesis{Timmerman2013,
  author =    {Timmerman, Peter},
  title =     {Onderzoek technologieën m.b.t. Rapid Game Prototyping},
  school =    {Hogeschool Gent},
  year =      {2013},
  type =      {Bachelor thesis},
  abstract =  {Grotere game-development bedrijven hebben nood om op voorhand te weten
of een nieuwe game kan aanslaan bij het grote publiek. Hiervoor is een leuke
gameplay zeer belangrijk. Om nieuwe gameplay uit te testen worden prototypes
gemaakt. Deze prototypes kunnen zeer snel gemaakt worden aangezien
weinig tijd wordt besteed aan de grasche aspecten, foutafhandeling, speciale
gevallen, ... . Er wordt voor de prototypes gewerkt in Unity3D.
Voor een aantal technologieen werd onderzocht of deze kunnen bijdragen
tot een vernieuwende gameplay. Sommige van de onderzochte technologieen
moesten eerst nog gentegreerd worden in Unity3D. Wanneer een technologie
of meerdere technologieen samen aanleiding gaven tot een mogelijke nieuwe
gameplay, is hiermee een prototype gemaakt.
Er zijn twee technologieen onderzocht waarmee 2D-animaties van Adobe
Flash gebruikt kunnen worden in Unity3D, uniSWF en Rad Game Tools: Iggy.
De twee technologieen zijn met elkaar vergeleken om te weten te komen welke
de beste resultaten gaf. Dit is gebeurd door een aantal simpele animaties te
gebruiken in Unity.
Er zijn tests uitgevoerd om de nauwkeurigheid van de accelerometer en
gyroscope van een smartphone te testen. Hiermee is getest of het mogelijk
is om enkel met deze twee sensoren de positie en orientatie in een ruimte te
volgen.
Er is een racegame prototype gemaakt met drie onderzochte technologieen.
Het laat de gebruiker toe om dynamisch racetracks te maken met behulp van
GPS-coordinaten, opgenomen met een smartphone. De coordinaten worden
gebruikt met de Road/Path Tool om een racetrack te genereren in Unity. Ook
werd er multiplayer-functionaliteit toegevoegd, met behulp van een photonserver.
Als laatste zijn de mogelijkheden van een device, dat hersengolven kan
meten, getest. Hiervoor is een integratie in Unity gemaakt en de meetwaarden
zijn gebruikt in een Unity-prototype.},
  keywords =  {Game Prototyping, Unity3D, Multiplayer.},
  timestamp = {2016-02-17},
  url =       {http://aleph.ugent.be/F/XTDLX95R23MQ2858MMQE9SQ2X38CEXD34TFHCGQVRD135GXSGF-02453?func=full-set-set&set_number=003714&set_entry=000001&format=999}
}
