

@MastersThesis{Borloo2013,
  author = {Borloo, Jeroen},
  title =  {RFID-Technologie: Een grondige analyse van huidige en mogelijke toepassingen ter ondersteuning van het marketinggebeuren},
  school = {Hogeschool Gent, Faculteit Bedrijf en Organisatie},
  year =   {2013},
  type =   {bachelorproef},
  file =   {:Borloo2013.pdf:PDF}
}

@MastersThesis{Bruneel2015,
  author = {Bruneel, Robin},
  title =  {Onderzoek naar het gebruik van beacons bij Club Brugge},
  school = {Hogeschool Gent, Faculteit Bedrijf en Organisatie},
  year =   {2015},
  type =   {bachelorproef},
  file =   {Bruneel2015.pdf:Bruneel2015.pdf:PDF}
}

@MastersThesis{Cocquyt2013,
  author = {Cocquyt, Jens},
  title =  {Cross-platform mobile development frameworks Een vergelijkende studie},
  school = {Hogeschool Gent, Faculteit Bedrijf en Organisatie},
  year =   {2013},
  type =   {bachelorproef},
  file =   {Cocquyt2013.pdf:Cocquyt2013.pdf:PDF}
}

@MastersThesis{Colpaert2015,
  author = {Colpaert, Eli},
  title =  {Mobiele mogelijkheden in ASP.NET MVC4 met JQuery Mobile},
  school = {Hogeschool Gent, Faculteit Bedrijf en Organisatie},
  year =   {2015},
  type =   {bachelorproef},
  file =   {Colpaert2015.pdf:Colpaert2015.pdf:PDF}
}

@MastersThesis{Devos2015,
  author = {Devos, Sandro},
  title =  {Vergelijkende studie betreffende de performantie van animaties in hybride mobiele applicaties en animaties in webapplicaties},
  school = {Hogeschool Gent, Faculteit Bedrijf en Organisatie},
  year =   {2015},
  type =   {bachelorproef},
  file =   {Devos2015.pdf:Devos2015.pdf:PDF}
}

@MastersThesis{Eggermont2015,
  author = {Eggermont, Bert},
  title =  {Bring Your Own Device - Een stappenplan},
  school = {Hogeschool Gent, Faculteit Bedrijf en Organisatie},
  year =   {2015},
  type =   {bachelorproef},
  file =   {Eggermont2015.pdf:Eggermont2015.pdf:PDF}
}

@MastersThesis{Joukes2014,
  author = {Joukes, Yves},
  title =  {Internet op de trein Case: Nationale Maatschappij der Belgische Spoorwegen (NMBS)},
  school = {Hogeschool Gent, Faculteit Bedrijf en Organisatie},
  year =   {2014},
  type =   {bachelorproef},
  file =   {Joukes2014.pdf:Joukes2014.pdf:PDF}
}

@MastersThesis{VanDePutte2015,
  author = {Van De Putte, Fr√©deric},
  title =  {Technologie bij ouderen in de thuissituatie},
  school = {Hogeschool Gent, Faculteit Mens en Welzijn},
  year =   {2015},
  type =   {bachelorproef},
  file =   {VanDePutte2015.pdf:VanDePutte2015.pdf:PDF}
}

@MastersThesis{VanderPlaetsen2013,
  author = {Van der Plaetsen, Thomas},
  title =  {Het inzetten van sensoren in de smartphone voor het verbeteren van de fanbeleving},
  school = {Hogeschool Gent, Faculteit Bedrijf en Organisatie},
  year =   {2013},
  type =   {bachelorproef},
  file =   {:vanderplaetsen2013.pdf:PDF}
}

@MastersThesis{VanLandeghem2014,
  author = {Van Landeghem, Mathias},
  title =  {Vergelijkende studie tussen verschillende webdesign patronen / Mathias Van Landeghem.},
  school = {Hogeschool Gent, Faculteit Bedrijf en Organisatie},
  year =   {2014},
  type =   {bachelorproef},
  file =   {VanLandeghem2014.pdf:VanLandeghem2014.pdf:PDF}
}

@MastersThesis{VanOrshoven2015,
  author = {Van Orshoven, Lukas},
  title =  {Proof-of-concept: Android Wear applicatie ter bevordering van therapietrouw in het kader van mHealth},
  school = {Hogeschool Gent, Faculteit Bedrijf en Organisatie},
  year =   {2015},
  type =   {bachelorproef},
  file =   {VanOrshoven2015.pdf:VanOrshoven2015.pdf:PDF}
}

@MastersThesis{VanPoucke2014,
  author = {Van Poucke, Steven},
  title =  {Vergelijkende studie tussen Dart en JavaScript},
  year =   {2014}
}